@book{Sipser2013,
  added-at = {2014-03-03T20:31:26.000+0100},
  address = {Boston, MA},
  author = {Sipser, Michael},
  biburl = {https://www.bibsonomy.org/bibtex/2a275d239d3a005a2a0825e49ce8dced5/ytyoun},
  edition = {Third},
  interhash = {ba5fd05e9f15a677c2c9e619c57de9a7},
  intrahash = {a275d239d3a005a2a0825e49ce8dced5},
  isbn = {113318779X},
  keywords = {automata complexity computation hamiltonian np-hardness sipser textbook},
  publisher = {Course Technology},
  refid = {814441519},
  timestamp = {2016-12-04T08:23:19.000+0100},
  title = {Introduction to the Theory of Computation},
  year = 2013
}

@article{Culik1996,
  author    = {Karel Cul{\'{\i}}k II},
  title     = {An aperiodic set of 13 Wang tiles},
  journal   = {Discret. Math.},
  volume    = {160},
  number    = {1-3},
  pages     = {245--251},
  year      = {1996},
  url       = {https://doi.org/10.1016/S0012-365X(96)00118-5},
  doi       = {10.1016/S0012-365X(96)00118-5},
  timestamp = {Wed, 24 Mar 2021 11:05:33 +0100},
  biburl    = {https://dblp.org/rec/journals/dm/Culik96.bib},
  bibsource = {dblp computer science bibliography, https://dblp.org}
}

@article{Davis53,
  author    = {Martin Davis},
  title     = {Arithmetical Problems and Recursively Enumerable Predicates},
  journal   = {J. Symb. Log.},
  volume    = {18},
  number    = {1},
  pages     = {33--41},
  year      = {1953},
  url       = {https://doi.org/10.2307/2266325},
  doi       = {10.2307/2266325},
  timestamp = {Sun, 28 May 2017 01:00:00 +0200},
  biburl    = {https://dblp.org/rec/journals/jsyml/Davis53.bib},
  bibsource = {dblp computer science bibliography, https://dblp.org}
}

@article{Matiyasevich09,
  author    = {Yuri V. Matiyasevich},
  title     = {Existential arithmetization of Diophantine equations},
  journal   = {Ann. Pure Appl. Log.},
  volume    = {157},
  number    = {2-3},
  pages     = {225--233},
  year      = {2009},
  url       = {https://doi.org/10.1016/j.apal.2008.09.009},
  doi       = {10.1016/j.apal.2008.09.009},
  timestamp = {Fri, 21 Feb 2020 21:19:01 +0100},
  biburl    = {https://dblp.org/rec/journals/apal/Matiyasevich09.bib},
  bibsource = {dblp computer science bibliography, https://dblp.org}
}

@incollection{Davis77,
  AUTHOR = {M. Davis},
  TITLE = {Unsolvable Problems},
  YEAR = 1977,
  BOOKTITLE = {Handbook of Mathematical Logic},
  EDITOR = {J. Barwise},
  PUBLISHER = {North-Holland},
  ADDRESS = {Amsterdam},
  PAGES = {567-594},
  KEYWORDS = {}}
  
@article{Sehra2021,
  title={Undecidability of Underfitting in Learning Algorithms},
  author={Sonia Sehra and David Flores and George D. Monta{\~n}ez},
  journal={ArXiv},
  year={2021},
  volume={abs/2102.02850}
}

@misc{jflap,
  author = {Susan H. Rodger},
  title = {{JFLAP}},
  howpublished = "\url{https://www.jflap.org/}",
  year = {1993}, 
  note = "[Java Formal Languages and Automata Package]"
}